<?xml version="1.0" encoding="UTF-8"?><collection xmlns="http://www.loc.gov/MARC21/slim"><record><leader>00386nam--2200133-i-4500</leader><controlfield tag="001">000029218</controlfield><controlfield tag="002">20161230</controlfield><controlfield tag="005">20161230201037</controlfield><controlfield tag="008">060222s1000------------r-----000-0-eng-d</controlfield><datafield ind1=" " ind2=" " tag="100"><subfield code="a">Kuiper, G.P., Chandrasekhar, S., Eddington, A</subfield></datafield><datafield ind1=" " ind2=" " tag="245"><subfield code="a">White dwarfs</subfield></datafield><datafield ind1=" " ind2=" " tag="260"><subfield code="a">Paris, Herman &amp; C-ie, 1941. 267p. Cu Figuri</subfield></datafield><datafield ind1=" " ind2=" " tag="490"><subfield code="a">Novae And White Dwarfs.Reposts Publ.By A.J.Shaler</subfield></datafield><datafield ind1=" " ind2=" " tag="852"><subfield code="a">896</subfield></datafield></record></collection>